
@article{AlphaGoZero,
	Author = {Silver, David and Schrittwieser, Julian and Simonyan, Karen and Antonoglou, Ioannis and Huang, Aja and Guez, Arthur and Hubert, Thomas and Baker, Lucas and Lai, Matthew and Bolton, Adrian and Chen, Yutian and Lillicrap, Timothy and Hui, Fan and Sifre, Laurent and van den Driessche, George and Graepel, Thore and Hassabis, Demis},
	Date = {2017/10/18/online},
	Date-Added = {2017-11-19 08:17:56 +0000},
	Date-Modified = {2017-11-19 08:17:56 +0000},
	Day = {18},
	Journal = {Nature},
	L3 = {10.1038/nature24270; https://www.nature.com/articles/nature24270#supplementary-information},
	M3 = {Article},
	Month = {10},
	Pages = {354 EP  -},
	Publisher = {Macmillan Publishers Limited, part of Springer Nature. All rights reserved. SN  -},
	Title = {Mastering the game of Go without human knowledge},
	Ty = {JOUR},
	Url = {http://dx.doi.org/10.1038/nature24270},
	Volume = {550},
	Year = {2017},
	Bdsk-Url-1 = {http://dx.doi.org/10.1038/nature24270}
}


@article{AlphaGo,
	Author = {Silver, David and Huang, Aja and Maddison, Chris J. and Guez, Arthur and Sifre, Laurent and van den Driessche, George and Schrittwieser, Julian and Antonoglou, Ioannis and Panneershelvam, Veda and Lanctot, Marc and Dieleman, Sander and Grewe, Dominik and Nham, John and Kalchbrenner, Nal and Sutskever, Ilya and Lillicrap, Timothy and Leach, Madeleine and Kavukcuoglu, Koray and Graepel, Thore and Hassabis, Demis},
	Date = {2016/01/27/online},
	Date-Added = {2017-12-04 08:57:07 +0000},
	Date-Modified = {2017-12-04 08:57:07 +0000},
	Day = {27},
	Journal = {Nature},
	L3 = {10.1038/nature16961; https://www.nature.com/articles/nature16961#supplementary-information},
	M3 = {Article},
	Month = {01},
	Pages = {484 EP  -},
	Publisher = {Nature Publishing Group, a division of Macmillan Publishers Limited. All Rights Reserved. SN  -},
	Title = {Mastering the game of Go with deep neural networks and tree search},
	Ty = {JOUR},
	Url = {http://dx.doi.org/10.1038/nature16961},
	Volume = {529},
	Year = {2016},
	Bdsk-Url-1 = {http://dx.doi.org/10.1038/nature16961}}

